@article{reuploading,
	doi = {10.22331/q-2020-02-06-226},
	url = {https://doi.org/10.22331%2Fq-2020-02-06-226},
	year = 2020,
	month = {feb},
	publisher = {Verein zur Forderung des Open Access Publizierens in den Quantenwissenschaften},
	volume = {4},
	pages = {226},
	author = {Adri{\'{a}
}n P{\'{e}}rez-Salinas and Alba Cervera-Lierta and Elies Gil-Fuster and Jos{\'{e}} I. Latorre},
	title = {Data re-uploading for a universal quantum classifier},
	journal = {Quantum}
}

@article{nibp,
	doi = {10.1038/s41467-021-27045-6},
	url = {https://doi.org/10.1038%2Fs41467-021-27045-6},
	year = 2021,
	month = {nov},
	publisher = {Springer Science and Business Media {LLC}},
	volume = {12},
	number = {1},
	author = {Samson Wang and Enrico Fontana and M. Cerezo and Kunal Sharma and Akira Sone and Lukasz Cincio and Patrick J. Coles},
	title = {Noise-induced barren plateaus in variational quantum algorithms},
	journal = {Nature Communications}
}

@article{ics,
	doi = {10.1038/s41534-023-00707-7},
	url = {https://doi.org/10.1038%2Fs41534-023-00707-7},
	year = 2023,
	month = {apr},
	publisher = {Springer Science and Business Media {LLC}},
	volume = {9},
	number = {1},
	author = {Dayue Qin and Yanzhu Chen and Ying Li},
	title = {Error statistics and scalability of quantum error mitigation formulas},
	journal = {npj Quantum Information}
}