@article{Efthymiou_2021,
	doi = {10.1088/2058-9565/ac39f5},
	url = {https://doi.org/10.1088%2F2058-9565%2Fac39f5},
	year = 2021,
	month = {dec},
	publisher = {{IOP} Publishing},
	volume = {7},
	number = {1},
	pages = {015018},
	author = {Stavros Efthymiou and Sergi Ramos-Calderer and Carlos Bravo-Prieto and Adri{\'{a}
}n P{\'{e}}rez-Salinas and Diego Garc{\'{\i}}a-Mart{\'{\i}}n and Artur Garcia-Saez and Jos{\'{e}} Ignacio Latorre and Stefano Carrazza},
	title = {Qibo: a framework for quantum simulation with hardware acceleration},
	journal = {Quantum Science and Technology}
}


@article{Schuld_2019,
	doi = {10.1103/physreva.99.032331},
	url = {https://doi.org/10.1103%2Fphysreva.99.032331},
	year = 2019,
	month = {mar},
	publisher = {American Physical Society ({APS})},
	volume = {99},
	number = {3},
	author = {Maria Schuld and Ville Bergholm and Christian Gogolin and Josh Izaac and Nathan Killoran},
	title = {Evaluating analytic gradients on quantum hardware},
	journal = {Physical Review A}
}

@article{Bravo_Prieto_2022,
	doi = {10.22331/q-2022-08-17-777},
	url = {https://doi.org/10.22331%2Fq-2022-08-17-777},
	year = 2022,
	month = {aug},
	publisher = {Verein zur Forderung des Open Access Publizierens in den Quantenwissenschaften},
	volume = {6},
	pages = {777},
	author = {Carlos Bravo-Prieto and Julien Baglio and Marco C{\`{e}
} and Anthony Francis and Dorota M. Grabowska and Stefano Carrazza},
	title = {Style-based quantum generative adversarial networks for Monte Carlo events},
	journal = {Quantum}
}


