@article{Efthymiou_2021,
	doi = {10.1088/2058-9565/ac39f5},
	url = {https://doi.org/10.1088%2F2058-9565%2Fac39f5},
	year = 2021,
	month = {dec},
	publisher = {{IOP} Publishing},
	volume = {7},
	number = {1},
	pages = {015018},
	author = {Stavros Efthymiou and Sergi Ramos-Calderer and Carlos Bravo-Prieto and Adri{\'{a}
}n P{\'{e}}rez-Salinas and Diego Garc{\'{\i}}a-Mart{\'{\i}}n and Artur Garcia-Saez and Jos{\'{e}} Ignacio Latorre and Stefano Carrazza},
	title = {Qibo: a framework for quantum simulation with hardware acceleration},
	journal = {Quantum Science and Technology}
}


@article{Efthymiou_2022,
	doi = {10.22331/q-2022-09-22-814},
	url = {https://doi.org/10.22331%2Fq-2022-09-22-814},
	year = 2022,
	month = {sep},
	publisher = {Verein zur Forderung des Open Access Publizierens in den Quantenwissenschaften},
	volume = {6},
	pages = {814},
	author = {Stavros Efthymiou and Marco Lazzarin and Andrea Pasquale and Stefano Carrazza},
	title = {Quantum simulation with just-in-time compilation},
	journal = {Quantum}
}


@misc{pasquale2023opensource,
      title={Towards an open-source framework to perform quantum calibration and characterization}, 
      author={Andrea Pasquale and Stavros Efthymiou and Sergi Ramos-Calderer and Jadwiga Wilkens and Ingo Roth and Stefano Carrazza},
      year={2023},
      eprint={2303.10397},
      archivePrefix={arXiv},
      primaryClass={quant-ph}
}

@misc{robbiati2022quantum,
      title={A quantum analytical Adam descent through parameter shift rule using Qibo}, 
      author={Matteo Robbiati and Stavros Efthymiou and Andrea Pasquale and Stefano Carrazza},
      year={2022},
      eprint={2210.10787},
      archivePrefix={arXiv},
      primaryClass={quant-ph}
}
